<?xml version="1.0" encoding="utf-8"?>
<record xmlns="http://www.loc.gov/MARC21/slim" xmlns:xsi="http://www.w3.org/2001/XMLSchema-instance" xsi:schemaLocation="http://www.loc.gov/MARC21/slim http://www.loc.gov/standards/marcxml/schema/MARC21slim.xsd">
	<leader>     nam a22     Mi 4500</leader>
	<controlfield tag="001">5596338</controlfield>
	<controlfield tag="003">NjP</controlfield>
	<controlfield tag="006">m        d        </controlfield>
	<controlfield tag="007">cr cn |||m|||a</controlfield>
	<controlfield tag="008">210113s1931    le      o     000 0 ara d</controlfield>
	<datafield ind1=" " ind2=" " tag="040">
		<subfield code="a">ZYU</subfield>
		<subfield code="b">ara</subfield>
		<subfield code="e">rda</subfield>
		<subfield code="c">ZYU</subfield>
	</datafield>
	<datafield ind1="1" ind2=" " tag="041">
		<subfield code="a">ara</subfield>
		<subfield code="h">ota</subfield>
	</datafield>
	<datafield ind1=" " ind2=" " tag="050">
		<subfield code="a">BV4647.S39</subfield>
		<subfield code="b">L486 1931</subfield>
	</datafield>
	<datafield ind1="1" ind2=" " tag="100">
		<subfield code="a">Levonian, L.</subfield>
		<subfield code="q">(Lütfi)</subfield>
	</datafield>
	<datafield ind1="1" ind2="3" tag="245">
		<subfield code="6">880-01</subfield>
		<subfield code="a">al-Ḥukm ʻalá al-ṭabʻ wa-al-nafs /</subfield>
		<subfield code="c">taʼlīf Luṭfī Līfūniyān.</subfield>
	</datafield>
	<datafield ind1=" " ind2=" " tag="260">
		<subfield code="6">880-02</subfield>
		<subfield code="a">Bayrūt :</subfield>
		<subfield code="b">al-Maṭbaʻah al-Amīrkānīyah,</subfield>
		<subfield code="c">1931.</subfield>
	</datafield>
	<datafield ind1=" " ind2=" " tag="300">
		<subfield code="a">online resource (24 pages)</subfield>
	</datafield>
	<datafield ind1=" " ind2=" " tag="336">
		<subfield code="a">text</subfield>
		<subfield code="2">rdacontent</subfield>
	</datafield>
	<datafield ind1=" " ind2=" " tag="337">
		<subfield code="a">computer</subfield>
		<subfield code="2">rdamedia</subfield>
	</datafield>
	<datafield ind1=" " ind2=" " tag="338">
		<subfield code="a">online resource</subfield>
		<subfield code="2">rdacarrier</subfield>
	</datafield>
	<datafield ind1="1" ind2=" " tag="490">
		<subfield code="6">880-03</subfield>
		<subfield code="a">Maktabat al-Ikhlāqīyat al-Dīnīyah ;</subfield>
		<subfield code="v">al-kitāb 6</subfield>
	</datafield>
	<datafield ind1=" " ind2=" " tag="500">
		<subfield code="6">880-04</subfield>
		<subfield code="a">&quot;Tarjama ʻan al-Turkīyah wa-nushira bi-ʻināyat al-Maṭbaʻah al-Amīrkānīyah.&quot;</subfield>
	</datafield>
	<datafield ind1=" " ind2=" " tag="500">
		<subfield code="a">Cover t.p.</subfield>
	</datafield>
	<datafield ind1=" " ind2=" " tag="500">
		<subfield code="a">Part of the Arabic Collections Online (ACO) project, contributed by Princeton University Libraries.</subfield>
	</datafield>
	<datafield ind1=" " ind2=" " tag="533">
		<subfield code="a">Electronic reproduction.</subfield>
		<subfield code="b">New York, N.Y. :</subfield>
		<subfield code="c">New York University,</subfield>
		<subfield code="d">2021.</subfield>
		<subfield code="5">NNU</subfield>
	</datafield>
	<datafield ind1=" " ind2="0" tag="650">
		<subfield code="a">Self-control</subfield>
		<subfield code="x">Religious aspects</subfield>
		<subfield code="x">Christianity.</subfield>
	</datafield>
	<datafield ind1=" " ind2="0" tag="650">
		<subfield code="a">Character.</subfield>
	</datafield>
	<datafield ind1=" " ind2="7" tag="650">
		<subfield code="a">Character.</subfield>
		<subfield code="2">fast</subfield>
		<subfield code="0">(OCoLC)fst00852264</subfield>
	</datafield>
	<datafield ind1=" " ind2="7" tag="650">
		<subfield code="a">Self-control</subfield>
		<subfield code="x">Religious aspects</subfield>
		<subfield code="x">Christianity.</subfield>
		<subfield code="2">fast</subfield>
		<subfield code="0">(OCoLC)fst01111544</subfield>
	</datafield>
	<datafield ind1="2" ind2=" " tag="710">
		<subfield code="a">Princeton University.</subfield>
		<subfield code="b">Library.</subfield>
	</datafield>
	<datafield ind1="0" ind2=" " tag="730">
		<subfield code="a">Arabic Collections Online.</subfield>
	</datafield>
	<datafield ind1="0" ind2="8" tag="776">
		<subfield code="i">Print version:</subfield>
		<subfield code="a">Levonian, L. (Lütfi)</subfield>
		<subfield code="t">al-Ḥukm ʻalá al-ṭabʻ wa-al-nafs</subfield>
		<subfield code="w">(NjP)5596338</subfield>
		<subfield code="w">(OCoLC)263693137</subfield>
	</datafield>
	<datafield ind1=" " ind2="0" tag="830">
		<subfield code="6">880-05</subfield>
		<subfield code="a">Maktabat al-Ikhlāqīyat al-Dīnīyah ;</subfield>
		<subfield code="v">al-kitāb 6.</subfield>
	</datafield>
	<datafield ind1="4" ind2="0" tag="856">
		<subfield code="u">http://hdl.handle.net/2333.1/x69p8q7f</subfield>
	</datafield>
	<datafield ind1="1" ind2="2" tag="880">
		<subfield code="6">245-01</subfield>
		<subfield code="a">الحكم على الطبع والنفس /</subfield>
		<subfield code="c">تأليف لطفي ليفونيان.</subfield>
	</datafield>
	<datafield ind1=" " ind2=" " tag="880">
		<subfield code="6">260-02</subfield>
		<subfield code="a">بيروت :</subfield>
		<subfield code="b">المطبعة الاميركانية،</subfield>
		<subfield code="c">1931.</subfield>
	</datafield>
	<datafield ind1="1" ind2=" " tag="880">
		<subfield code="6">490-03</subfield>
		<subfield code="a">مكتبة الاخلاقية الدينية ؛! الكتاب 6</subfield>
	</datafield>
	<datafield ind1=" " ind2=" " tag="880">
		<subfield code="6">500-04</subfield>
		<subfield code="a">&quot;ترجم عن التركية ونشر بعناية المطبعة الاميركانية.&quot;</subfield>
	</datafield>
	<datafield ind1=" " ind2="0" tag="880">
		<subfield code="6">830-05</subfield>
		<subfield code="a">مكتبة الاخلاقية الدينية ؛! الكتاب 6.</subfield>
	</datafield>
	<datafield ind1=" " ind2=" " tag="959">
		<subfield code="a">NNU</subfield>
		<subfield code="b">WEB</subfield>
		<subfield code="c">GENI</subfield>
		<subfield code="t">0</subfield>
		<subfield code="m">Electronic access</subfield>
		<subfield code="s">01</subfield>
	</datafield>
	<datafield ind1=" " ind2=" " tag="999">
		<subfield code="i">NjP_5596338</subfield>
		<subfield code="o">(OCoLC)ocn263693137</subfield>
		<subfield code="s">princeton_aco003738:</subfield>
		<subfield code="e">(ERROR-880)</subfield>
	</datafield>
</record>
